<record><leader>00000cas a22000007a 4500</leader><controlfield tag="001">26502871</controlfield><controlfield tag="008">920829d19uu2006ctuwr ne      0    0eng d</controlfield><datafield ind1=" " ind2=" " tag="010"><subfield code="a">sn 92060556 </subfield></datafield><datafield ind1=" " ind2=" " tag="040"><subfield code="a">YOX</subfield><subfield code="b">eng</subfield><subfield code="c">YOX</subfield><subfield code="d">OCL</subfield><subfield code="d">OCLCQ</subfield><subfield code="d">CZL</subfield><subfield code="d">OCLCQ</subfield><subfield code="d">OCLCF</subfield><subfield code="d">OCLCO</subfield></datafield><datafield ind1=" " ind2=" " tag="042"><subfield code="a">msc</subfield></datafield><datafield ind1=" " ind2=" " tag="043"><subfield code="a">n-us-ct</subfield></datafield><datafield ind1=" " ind2=" " tag="090"><subfield code="a">AN104.N6</subfield><subfield code="b">I57</subfield></datafield><datafield ind1="0" ind2="4" tag="245"><subfield code="a">The New Haven inquirer.</subfield></datafield><datafield ind1="3" ind2="0" tag="246"><subfield code="a">Inquirer</subfield></datafield><datafield ind1=" " ind2=" " tag="260"><subfield code="a">Hartford, Conn. :</subfield><subfield code="b">Inquirer Pub. Co.</subfield></datafield><datafield ind1=" " ind2=" " tag="300"><subfield code="a">v.</subfield></datafield><datafield ind1=" " ind2=" " tag="310"><subfield code="a">Weekly</subfield></datafield><datafield ind1="1" ind2=" " tag="362"><subfield code="a">Ceased 2006.</subfield></datafield><datafield ind1=" " ind2=" " tag="580"><subfield code="a">Merged with: Hartford inquirer, Bridgeport inquirer, Waterbury inquirer and Springfield inquirer to form: Inquiring news.</subfield></datafield><datafield ind1=" " ind2=" " tag="588"><subfield code="a">Description based on: Vol. 8, no. 36 (May 23, 1984).</subfield></datafield><datafield ind1=" " ind2="0" tag="650"><subfield code="a">African Americans</subfield><subfield code="z">Connecticut</subfield><subfield code="z">Hartford</subfield><subfield code="v">Newspapers.</subfield></datafield><datafield ind1=" " ind2="0" tag="651"><subfield code="a">Hartford (Conn.)</subfield><subfield code="v">Newspapers.</subfield></datafield><datafield ind1=" " ind2="7" tag="655"><subfield code="a">Newspapers.</subfield><subfield code="2">fast</subfield><subfield code="0">(OCoLC)fst01423814</subfield></datafield><datafield ind1=" " ind2="7" tag="650"><subfield code="a">African Americans.</subfield><subfield code="2">fast</subfield><subfield code="0">(OCoLC)fst00799558</subfield></datafield><datafield ind1=" " ind2="7" tag="651"><subfield code="a">Connecticut</subfield><subfield code="z">Hartford.</subfield><subfield code="2">fast</subfield><subfield code="0">(OCoLC)fst01207441</subfield></datafield><datafield ind1=" " ind2=" " tag="752"><subfield code="a">United States</subfield><subfield code="b">Connecticut</subfield><subfield code="c">Hartford</subfield><subfield code="d">Hartford.</subfield></datafield><datafield ind1="0" ind2=" " tag="775"><subfield code="t">Hartford inquirer</subfield><subfield code="w">(DLC)sn 89080095</subfield><subfield code="w">(OCoLC)23588659</subfield></datafield><datafield ind1="0" ind2=" " tag="775"><subfield code="t">Bridgeport inquirer</subfield><subfield code="w">(OCoLC)40742222</subfield></datafield><datafield ind1="0" ind2=" " tag="775"><subfield code="t">Springfield inquirer</subfield></datafield><datafield ind1="0" ind2=" " tag="775"><subfield code="t">Waterbury inquirer</subfield><subfield code="w">(OCoLC)548664324</subfield></datafield><datafield ind1="1" ind2="7" tag="785"><subfield code="t">Hartford inquirer</subfield><subfield code="w">(OCoLC)23588659</subfield></datafield><datafield ind1="1" ind2="7" tag="785"><subfield code="t">Bridgeport inquirer</subfield><subfield code="w">(OCoLC)40742222</subfield></datafield><datafield ind1="1" ind2="7" tag="785"><subfield code="t">Springfield inquirer</subfield></datafield><datafield ind1="1" ind2="7" tag="785"><subfield code="t">Waterbury inquirer</subfield><subfield code="w">(OCoLC)548664324</subfield></datafield><datafield ind1="1" ind2="7" tag="785"><subfield code="t">Inquiring news</subfield><subfield code="w">(OCoLC)137241920</subfield></datafield></record>